<record><leader>00000cas a22000007a 4500</leader><controlfield tag="001">12951794</controlfield><controlfield tag="008">851223d18831943nyuwr ne      0    0eng  </controlfield><controlfield tag="009">466</controlfield><datafield ind1=" " ind2=" " tag="010"><subfield code="a">sn 85042883 </subfield></datafield><datafield ind1=" " ind2=" " tag="040"><subfield code="a">DLC</subfield><subfield code="b">eng</subfield><subfield code="c">DLC</subfield><subfield code="d">NYS</subfield><subfield code="d">OCLCQ</subfield></datafield><datafield ind1="1" ind2=" " tag="029"><subfield code="a">AU@</subfield><subfield code="b">000024686335</subfield></datafield><datafield ind1=" " ind2=" " tag="042"><subfield code="a">msc</subfield></datafield><datafield ind1="0" ind2="0" tag="050"><subfield code="a">Newspaper 8829-X</subfield></datafield><datafield ind1="0" ind2="4" tag="245"><subfield code="a">The Shortsville enterprise.</subfield></datafield><datafield ind1=" " ind2=" " tag="260"><subfield code="a">Shortsville, N.Y. :</subfield><subfield code="b">Saunders &amp; Melvin,</subfield><subfield code="c">1883-1943.</subfield></datafield><datafield ind1=" " ind2=" " tag="300"><subfield code="a">v. :</subfield><subfield code="b">ill. (chiefly advertisements) ;</subfield><subfield code="c">61 cm.</subfield></datafield><datafield ind1=" " ind2=" " tag="310"><subfield code="a">Weekly</subfield></datafield><datafield ind1="0" ind2=" " tag="362"><subfield code="a">Vol. 1, no. 22 (June 30, 1883)-61st Year, 20th issue (May 19, 1943).</subfield></datafield><datafield ind1=" " ind2="4" tag="651"><subfield code="a">Shortsville (N.Y.)</subfield><subfield code="v">Newspapers.</subfield></datafield><datafield ind1=" " ind2=" " tag="752"><subfield code="a">United States</subfield><subfield code="b">New York</subfield><subfield code="c">Ontario</subfield><subfield code="d">Shortsville.</subfield></datafield><datafield ind1="0" ind2="0" tag="780"><subfield code="t">Enterprise (Shortsville, N.Y.)</subfield><subfield code="w">(DLC)sn 88074507</subfield></datafield><datafield ind1="0" ind2="7" tag="785"><subfield code="t">Manchester enterprise (Shortsville, N.Y.)</subfield><subfield code="w">(DLC)sn 88074655</subfield><subfield code="w">(OCoLC)18270784</subfield></datafield><datafield ind1="0" ind2="7" tag="785"><subfield code="t">Shortsville enterprise and ... the Manchester enterprise</subfield><subfield code="w">(DLC)sn 88074508</subfield></datafield></record>